<?xml version="1.0" encoding="UTF-8"?><collection xmlns="http://www.loc.gov/MARC21/slim"><record><leader>00735nam--2200217-u-4500</leader><controlfield tag="001">000050732</controlfield><controlfield tag="002">20161230</controlfield><controlfield tag="005">20161230201048</controlfield><controlfield tag="008">080326s1000------------r-----000-0-eng-d</controlfield><datafield ind1=" " ind2=" " tag="020"><subfield code="a">0-521-83324-8</subfield></datafield><datafield ind1=" " ind2=" " tag="040"><subfield code="a">IFIN-HH</subfield></datafield><datafield ind1=" " ind2=" " tag="080"><subfield code="a">530.145:531.19</subfield></datafield><datafield ind1="1" ind2=" " tag="100"><subfield code="a">Esposito,Giampiero; Marmo,Giuseppe and Sudarshan,George</subfield></datafield><datafield ind1="1" ind2="0" tag="245"><subfield code="a">From Classical to Quantum Mechanics</subfield><subfield code="b">An Introduction to the Fromalism, Foundations and Applications</subfield><subfield code="c">Giampiero Esposito, Giuseppe Marmo, George Sudarshan</subfield></datafield><datafield ind1=" " ind2=" " tag="260"><subfield code="a">Cambridge</subfield><subfield code="b">University Press</subfield><subfield code="c">2004</subfield></datafield><datafield ind1=" " ind2=" " tag="300"><subfield code="a">592 p</subfield></datafield><datafield ind1=" " ind2=" " tag="504"><subfield code="a">Includes Bibliographical References and Index</subfield></datafield><datafield ind1=" " ind2="4" tag="650"><subfield code="a">Quantum Theory</subfield></datafield><datafield ind1="1" ind2=" " tag="700"><subfield code="a">Sudarshan,George</subfield></datafield><datafield ind1=" " ind2=" " tag="852"><subfield code="c">530.14</subfield></datafield><datafield ind1=" " ind2=" " tag="CAT"><subfield code="a">Sys</subfield><subfield code="c">20110329</subfield><subfield code="h">135336</subfield></datafield></record></collection>